<?xml version="1.0" encoding="UTF-8"?>
<collection xmlns:xsi="http://www.w3.org/2001/XMLSchema-instance" xsi:schemaLocation="http://www.loc.gov/MARC21/slim http://www.loc.gov/standards/marcxml/schema/MARC21slim.xsd" xmlns="http://www.loc.gov/MARC21/slim">
<record>
  <leader>01244cam a2200289Ia 4500</leader>
  <controlfield tag="001">8864381</controlfield>
  <controlfield tag="003">NNC</controlfield>
  <controlfield tag="005">20150710102334.0</controlfield>
  <controlfield tag="008">070910s1950    ua            000 0 ara d</controlfield>
  <datafield tag="035" ind1=" " ind2=" ">
    <subfield code="a">(OCoLC)ocn170824425</subfield>
  </datafield>
  <datafield tag="035" ind1=" " ind2=" ">
    <subfield code="a">(OCoLC)170824425</subfield>
  </datafield>
  <datafield tag="035" ind1=" " ind2=" ">
    <subfield code="a">(NNC)8864381</subfield>
  </datafield>
  <datafield tag="040" ind1=" " ind2=" ">
    <subfield code="a">PAU</subfield>
    <subfield code="c">PAU</subfield>
    <subfield code="d">PAU</subfield>
  </datafield>
  <datafield tag="050" ind1=" " ind2="4">
    <subfield code="a">LG511.C48</subfield>
    <subfield code="b">B83 1950</subfield>
  </datafield>
  <datafield tag="066" ind1=" " ind2=" ">
    <subfield code="c">(3</subfield>
  </datafield>
  <datafield tag="100" ind1="1" ind2=" ">
    <subfield code="6">880-01</subfield>
    <subfield code="a">Budayr, Aḥmad ʻAbd al-Fattāḥ.</subfield>
  </datafield>
  <datafield tag="245" ind1="1" ind2="3">
    <subfield code="6">880-02</subfield>
    <subfield code="a">al-Amīr Aḥmad Fuʾad wa-nashʾat al-Jāmiʻah al-Miṣrīyah /</subfield>
    <subfield code="c">bi-qalam Aḥmad ʻAbd al-Fattāḥ Budayr.</subfield>
  </datafield>
  <datafield tag="260" ind1=" " ind2=" ">
    <subfield code="6">880-03</subfield>
    <subfield code="a">al-Qāhirah :</subfield>
    <subfield code="b">Maṭbaʻat Jāmiʻat Fuʾad al-Awwal,</subfield>
    <subfield code="c">1950.</subfield>
  </datafield>
  <datafield tag="300" ind1=" " ind2=" ">
    <subfield code="a">388 p. :</subfield>
    <subfield code="b">ill. ;</subfield>
    <subfield code="c">29 cm.</subfield>
  </datafield>
  <datafield tag="600" ind1="0" ind2="0">
    <subfield code="a">Fuʼād</subfield>
    <subfield code="b">I,</subfield>
    <subfield code="c">King of Egypt,</subfield>
    <subfield code="d">1868-1936</subfield>
    <subfield code="x">Influence.</subfield>
  </datafield>
  <datafield tag="600" ind1="0" ind2="0">
    <subfield code="a">Fuʼād</subfield>
    <subfield code="b">I,</subfield>
    <subfield code="c">King of Egypt,</subfield>
    <subfield code="d">1868-1936</subfield>
    <subfield code="x">Contributions in education.</subfield>
  </datafield>
  <datafield tag="610" ind1="2" ind2="0">
    <subfield code="a">Jāmiʻat al-Qāhirah</subfield>
    <subfield code="x">History.</subfield>
  </datafield>
  <datafield tag="880" ind1="1" ind2=" ">
    <subfield code="6">100-01/(3/r</subfield>
    <subfield code="a">بدير، أحمد عبد الفتاح.</subfield>
  </datafield>
  <datafield tag="880" ind1="1" ind2="2">
    <subfield code="6">245-02/(3/r</subfield>
    <subfield code="a">الأمير أحمد فؤاد ونشأة الجامعة المصرية /</subfield>
    <subfield code="c">بقلم أحمد عبد الفتاح بدير.</subfield>
  </datafield>
  <datafield tag="880" ind1=" " ind2=" ">
    <subfield code="6">260-03/(3/r</subfield>
    <subfield code="a">القاهرة :</subfield>
    <subfield code="b">مطبعة جامعة فؤاد الأول,</subfield>
    <subfield code="c">1950.</subfield>
  </datafield>
  <datafield tag="955" ind1=" " ind2=" ">
    <subfield code="b">0046019340</subfield>
    <subfield code="d">glx</subfield>
    <subfield code="e">LG511.C48 B82</subfield>
  </datafield>
</record>
</collection>